@article{doi2007computer,
  title={Computer-aided diagnosis in medical imaging: historical review, current status and future potential},
  author={Doi, Kunio},
  journal={Computerized medical imaging and graphics},
  volume={31},
  number={4-5},
  pages={198--211},
  year={2007},
  publisher={Elsevier}
}

@article{hjelmaas2001face,
  title={Face detection: A survey},
  author={Hjelm{\aa}s, Erik and Low, Boon Kee},
  journal={Computer vision and image understanding},
  volume={83},
  number={3},
  pages={236--274},
  year={2001},
  publisher={Elsevier}
}

@book{mori1999optical,
  title={Optical character recognition},
  author={Mori, Shunji and Nishida, Hirobumi and Yamada, Hiromitsu},
  year={1999},
  publisher={John Wiley \& Sons, Inc.}
}

@article{iandola2016squeezenet,
  title={SqueezeNet: AlexNet-level accuracy with 50x fewer parameters and< 0.5 MB model size},
  author={Iandola, Forrest N and Han, Song and Moskewicz, Matthew W and Ashraf, Khalid and Dally, William J and Keutzer, Kurt},
  journal={arXiv preprint arXiv:1602.07360},
  year={2016}
}

@inproceedings{rybski2010visual,
  title={Visual classification of coarse vehicle orientation using histogram of oriented gradients features},
  author={Rybski, Paul E and Huber, Daniel and Morris, Daniel D and Hoffman, Regis},
  booktitle={2010 IEEE Intelligent vehicles symposium},
  pages={921--928},
  year={2010},
  organization={IEEE}
}

@article{ebrahimzadeh2014efficient,
  title={Efficient handwritten digit recognition based on histogram of oriented gradients and SVM},
  author={Ebrahimzadeh, Reza and Jampour, Mahdi},
  journal={International Journal of Computer Applications},
  volume={104},
  number={9},
  year={2014},
  publisher={Citeseer}
}

@inproceedings{dalal2005histograms,
  title={Histograms of oriented gradients for human detection},
  author={Dalal, Navneet and Triggs, Bill},
  booktitle={2005 IEEE computer society conference on computer vision and pattern recognition (CVPR'05)},
  volume={1},
  pages={886--893},
  year={2005},
  organization={Ieee}
}

@article{wold1987principal,
  title={Principal component analysis},
  author={Wold, Svante and Esbensen, Kim and Geladi, Paul},
  journal={Chemometrics and intelligent laboratory systems},
  volume={2},
  number={1-3},
  pages={37--52},
  year={1987},
  publisher={Elsevier}
}

@article{wright1995logistic,
  title={Logistic regression.},
  author={Wright, Raymond E},
  year={1995},
  publisher={American Psychological Association}
}

@inproceedings{rish2001empirical,
  title={An empirical study of the naive Bayes classifier},
  author={Rish, Irina and others},
  booktitle={IJCAI 2001 workshop on empirical methods in artificial intelligence},
  volume={3},
  number={22},
  pages={41--46},
  year={2001}
}

@article{noble2006support,
  title={What is a support vector machine?},
  author={Noble, William S},
  journal={Nature biotechnology},
  volume={24},
  number={12},
  pages={1565--1567},
  year={2006},
  publisher={Nature Publishing Group}
}

@incollection{golub1971singular,
  title={Singular value decomposition and least squares solutions},
  author={Golub, Gene H and Reinsch, Christian},
  booktitle={Linear algebra},
  pages={134--151},
  year={1971},
  publisher={Springer}
}
